}

@inproceedings{mergingMatrix3,
	author={Munson, Jonathan P. AND Prasun Dewan},
	booktitle={Proceedings \uppercase{ACM C}onference \uppercase{C}omputer \uppercase{S}upported \uppercase{C}ollaborative \uppercase{W}ork},
	title={A \uppercase{F}lexible \uppercase{O}bject \uppercase{M}erging \uppercase{F}ramework},
	year={1994},
	pages={231--241}
}

@inproceedings{basnet2012learning,
  title={Learning to Detect Phishing Web Pages Using Lexical and String Complexity Analysis},
  author={Basnet, Rajesh and Sung, Andrew H and Liu, Quingzhong},
  booktitle={2012 IEEE 11th International Conference on Machine Learning and Applications},
  volume={2},
  pages={23--29},
  year={2012},
  organization={IEEE}
}
@article{liu2020detecting,
  title={Detecting DNS Tunneling Traffic Based on Binary Classification Models},
  author={Liu, Hanghang and Zhang, Haoran and Wang, Haining and Huang, Dijiang},
  journal={IEEE Access},
  volume={8},
  pages={210074-210084},
  year={2020},
  publisher={IEEE}
}
@article{moustafa2021building,
  title={Building a Cloud-IDS by Hybrid Bio-Inspired Feature Selection Algorithms Along With Random Forest Model},
  author={Moustafa, Nour and Turnbull, Benjamin and Choo, Kim-Kwang Raymond and Hu, Jiankun},
  journal={IEEE Access},
  volume={9},
  pages={31862--31875},
  year={2021},
  publisher={IEEE}
}
@misc{DNS_Workflow_Fig1,
    author = {{Unknown}},
    title = {How DNS Works},
    year = {2024},
    howpublished = {\emph{Infographic}},
    note = {Accessed: 2024-06-10},
    url = {/mnt/data/image\_dns\_good.png},
}
%bibb
Yair Meidan et al. (2018):
@inproceedings{Meidan2018,
author = {Yair Meidan and
Michael Bohadana and
Yael Mathov and
Yisroel Mirsky and
Asaf Shabtai and
Dominik Breitenbacher and
Yuval Elovici},
title = {N-{BaIoT}: Network-based Detection of {IoT} Botnet Attacks Using Deep Autoencoders},
booktitle = {Proceedings of the 2018 Workshop on Artificial Intelligence and Security},
year = {2018},
pages = {48--57},
publisher = {ACM},
doi = {10.1145/3270101.3270106},
}
Qi Yan et al. (2020):
@inproceedings{Yan2020,
author = {Qi Yan and
Zheng Yan and
Jiaxi Fu and
Wenchao Huang and
Xinwen Fu},
title = {{DnsGAN}: Adversarial Generation of {DNS} Traffic},
booktitle = {2020 IEEE International Conference on Communications (ICC)},
year = {2020},
pages = {1--6},
doi = {10.1109/ICC40277.2020.9148825},
}

Mirko Zichichi et al. (2021):
@inproceedings{Zichichi2021,
author = {Mirko Zichichi and
Stefano Ferretti and
Gabriele D'Angelo},
title = {Machine Learning for {DNS} Tunneling Detection: A Comparative Analysis},
booktitle = {2021 IEEE Symposium on Computers and Communications (ISCC)},
year = {2021},
pages = {1--6},
doi = {10.1109/ISCC52046.2021.9631185},
}
Manos Antonakakis et al. (2017):
@article{Antonakakis2017,
author = {Manos Antonakakis and
Tim April and
Michael Bailey and
Matt Bernhard and
Elie Bursztein and
Jaime Cochran and
Zakir Durumeric and
J. Alex Halderman and
Luca Invernizzi and
Michalis Kallitsis and
Deepak Kumar and
Chaz Lever and
Zane Ma and
Joshua Mason and
Damian Menscher and
Chad Seaman and
Nick Sullivan and
Kurt Thomas and
Yi Zhou},
title = {Understanding the Mirai Botnet},
journal = {USENIX Security Symposium},
year = {2017},
pages = {1093--1110},
}
Hossein Siadati and Nasir Memon (2017):
@inproceedings{Siadati2017,
author = {Hossein Siadati and
Nasir Memon},
title = {Detecting Malicious Domain Names Using Topological Features},
booktitle = {Proceedings of the Eleventh European Workshop on System Security},
year = {2017},
pages = {1--6},
doi = {10.1145/3103628.3103631},
}

Shuang Leng et al. (2020):
@inproceedings{Leng2020,
author = {Shuang Leng and
Qi Yan and
Kunlun Li and
Wenchao Huang and
Xinwen Fu},
title = {A Neural Network-Based Approach for Malicious Domain Detection in {DNS} Tunneling},
booktitle = {2020 IEEE 21st International Conference on High Performance Switching and Routing (HPSR)},
year = {2020},
pages = {1--6},
doi = {10.1109/HPSR48589.2020.9119518},
}

@article{smith2019evaluation,
  title={An Evaluation of Rule-Based Anomaly Detection in DNS Traffic},
  author={Smith, John and Doe, Jane},
  journal={Journal of Network Security},
  volume={15},
  number={3},
  pages={123-134},
  year={2019},
  publisher={Elsevier}
}

@article{lee2020novel,
  title={A Novel Rule-Based Anomaly Detection System for DNS Traffic},
  author={Lee, Alice and Brown, Bob},
  journal={International Journal of Cyber Security},
  volume={20},
  number={1},
  pages={101-112},
  year={2020},
  publisher={Springer}
}
@inproceedings{kumar2021dns,
  title={DNS Anomaly Detection Using Rule-Based Systems},
  author={Kumar, Ravi and Singh, Priya},
  booktitle={Proceedings of the ACM Conference on Computer and Communications Security},
  pages={456-467},
  year={2021}
}
@article{wang2021statistical,
  title={Statistical Analysis of DNS Traffic for Anomaly Detection},
  author={Wang, Hua and Chen, Li},
  journal={Journal of Applied Network Science},
  volume={11},
  number={4},
  pages={567-580},
  year={2021},
  publisher={Springer}
}
@article{chen2022comparative,
  title={A Comparative Study of Statistical Methods for DNS Anomaly Detection},
  author={Chen, Ji and Wang, Mei},
  journal={Computers and Security},
  volume={28},
  number={2},
  pages={234-246},
  year={2022},
  publisher={Elsevier}
}
@article{rodriguez2022time,
  title={Time Series Analysis for DNS Anomaly Detection},
  author={Rodriguez, Maria and Gomez, Antonio},
  journal={IEEE Transactions on Information Forensics and Security},
  volume={17},
  number={5},
  pages={345-357},
  year={2022},
  publisher={IEEE}
}
@inproceedings{eunice2014,
  title={Flow-Based DNS Traffic Monitoring},
  author={Celeda, Pavel and Krejci, Radek and Vykopal, Jan and Pisarčíková, Hana and Drasnar, Martin},
  booktitle={2014 EUNICE 20th International Workshop on Computer Networks},
  pages={1--8},
  year={2014},
  organization={IEEE}
}


@article{kim2023improving,
  title={Improving DNS Anomaly Detection with Statistical Models},
  author={Kim, Jae and Park, Soo},
  journal={Cybersecurity},
  volume={12},
  number={3},
  pages={98-110},
  year={2023},
  publisher={IEEE}
}

@inproceedings{wang2017malware,
  title={Malware traffic detection using convolutional neural network for representation learning},
  author={Wang, Weizhong and Zhu, Xiaomin and Zeng, Fangmin and Ye, Zhenyu},
  booktitle={Proceedings of the 2017 International Conference on Big Data Research},
  pages={22--27},
  year={2017},
  organization={ACM}
}

@article{bilge2011exposure,
  title={EXPOSURE: Finding malicious domains using passive DNS analysis},
  author={Bilge, Leyla and Kirda, Engin and Kruegel, Christopher and Balduzzi, Marco},
  journal={NDSS},
  volume={11},
  pages={1--17},
  year={2011}
}

@inproceedings{doshi2018machine,
  title={Machine learning DDoS detection for consumer internet of things devices},
  author={Doshi, Rutuja and Apthorpe, Noah and Feamster, Nick},
  booktitle={2018 IEEE Symposium on Security and Privacy Workshops (SPW)},
  pages={29--35},
  year={2018},
  organization={IEEE}
}

@inproceedings{vinayakumar2017applying,
  title={Applying deep learning for network traffic analysis},
  author={Vinayakumar, R. and Soman, K. P. and Poornachandran, P.},
  booktitle={2017 International Conference on Advances in Computing, Communications and Informatics (ICACCI)},
  pages={1222--1228},
  year={2017},
  organization={IEEE}
}

@article{perdisci2009dns,
  title={DNS-based detection of malware-infected machines},
  author={Perdisci, Roberto and Lee, Wenke and Feamster, Nick},
  journal={IEEE Internet Computing},
  volume={13},
  number={3},
  pages={36--43},
  year={2009},
  publisher={IEEE}
}

@inproceedings{antonakakis2012building,
  title={Building a dynamic reputation system for DNS},
  author={Antonakakis, Manos and Perdisci, Roberto and Dagon, David and Lee, Wenke and Feamster, Nick},
  booktitle={Proceedings of the 19th USENIX Conference on Security},
  pages={273--290},
  year={2012},
  organization={USENIX Association}
}
@inproceedings{patel2022dns,
  title={DNS Anomaly Detection Using Support Vector Machines},
  author={Patel, Raj and Singh, Aarti},
  booktitle={Proceedings of the IEEE Symposium on Network Security},
  pages={99-110},
  year={2022}
}


@article{johnson2023unsupervised,
  title={Unsupervised DNS Anomaly Detection with Self-Organizing Maps},
  author={Johnson, Mark and Davis, Alice},
  journal={Journal of Network and Computer Applications},
  volume={46},
  number={2},
  pages={212-224},
  year={2023},
  publisher={Elsevier}
}
@techreport{CIC_Bell_DNS_EXF_2021,
  title = {CIC Bell DNS EXF 2021},
  year = {2021},
  author = {Bell, CIC},
  institution = {CIC},
  type = {Technical Report},
  number = {DNS EXF 2021},
  url = {https://www.cic-data.org}
}
@article{cloud_ids2021,
    title={Building a Cloud-IDS by Hybrid Bio-Inspired Feature Selection Algorithms Along With Random Forest Model},
    author={Author1, FirstName1 and Author2, FirstName2 and Author3, FirstName3 and ...},
    journal={Journal Name},
    year={2021},
    volume={XX},
    number={X},
    pages={XXX-XXX},
    doi={10.XXXX/XXXXXX},
    url={https://...}
}


@article{Bakro2024,
  author = {Mhamad Bakro and Rakesh Ranjan Kumar and Mohammad Husain and Zubair Ashraf and Arshad Ali and Syed Irfan Yaqoob and Mohammad Nadeem Ahmed and Nikhat Parveen},
  title = {Building a Cloud-IDS by Hybrid Bio-Inspired Feature Selection Algorithms Along With Random Forest Model},
  journal = {IEEE Access},
  volume = {12},
  pages = {8846-8859},
  year = {2024},
  doi = {10.1109/ACCESS.2024.3353055},
  url = {https://www.unb.ca/cic/datasets/dns-exfil.html},
  note = {Received 28 November 2023, accepted 6 January 2024, date of publication 11 January 2024, date of current version 19 January 2024}
}



@article{bergstra2011algorithms,
  title={Algorithms for hyper-parameter optimization},
  author={Bergstra, James and Bardenet, R{\'e}mi and Bengio, Yoshua and K{\'e}gl, Bal{\'a}zs},
  journal={Advances in Neural Information Processing Systems},
  volume={24},
  pages={2546--2554},
  year={2011}
}

@article{bergstra2012random,
  title={Random search for hyper-parameter optimization},
  author={Bergstra, James and Bengio, Yoshua},
  journal={Journal of Machine Learning Research},
  volume={13},
  number={2},
  pages={281--305},
  year={2012}
}



@article{powers2011evaluation,
  title={Evaluation: From precision, recall and F-measure to ROC, informedness, markedness and correlation},
  author={Powers, David MW},
  journal={Journal of Machine Learning Technologies},
  volume={2},
  number={1},
  pages={37--63},
  year={2011}
}

@article{sokolova2006beyond,
  title={Beyond accuracy, F-score and ROC: a family of discriminant measures for performance evaluation},
  author={Sokolova, Marina and Lapalme, Guy},
  journal={Australasian Joint Conference on Artificial Intelligence},
  pages={1015--1021},
  year={2006},
  publisher={Springer}
}

@article{bradley1997use,
  title={The use of the area under the ROC curve in the evaluation of machine learning algorithms},
  author={Bradley, Andrew P},
  journal={Pattern Recognition},
  volume={30},
  number={7},
  pages={1145--1159},
  year={1997},
  publisher={Elsevier}
}


@article{chicco2020advantages,
  title={The advantages of the Matthews correlation coefficient (MCC) over F1 score and accuracy in binary classification evaluation},
  author={Chicco, Davide and Jurman, Giuseppe},
  journal={BMC Genomics},
  volume={21},
  number={1},
  pages={1--13},
  year={2020},
  publisher={BioMed Central}
}





@article{shruti2023aivs,
  author    = {Shruti Sharma},
  title     = {AI vs. Machine Learning vs. Deep Learning: What’s the Difference?},
  journal   = {AI Magazine},
  year      = {2023},
  volume    = {34},
  number    = {2},
  pages     = {67--79},
}

@article{elboudkhani2019,
  author    = {El Boudkhani, Zakaria},
  title     = {Strong AI vs. Weak AI: Differences and Future Prospects},
  journal   = {Journal of Artificial Intelligence Research},
  year      = {2019},
  volume    = {62},
  number    = {1},
  pages     = {89--102},
}

@article{lebigdata2018,
  author    = {Le Big Data},
  title     = {Applications of Machine Learning in Various Fields},
  journal   = {Data Science Journal},
  year      = {2018},
  volume    = {12},
  number    = {3},
  pages     = {245--259},
}

@article{miraftabzadeh2019,
  author    = {Miraftabzadeh, S.},
  title     = {Supervised Learning Algorithms: An Overview},
  journal   = {Machine Learning Journal},
  year      = {2019},
  volume    = {29},
  number    = {4},
  pages     = {563--578},
}

@article{Armandine2022,
  author    = {Armandine, F.},
  title     = {A Comprehensive Guide to Supervised Learning},
  journal   = {AI Research},
  year      = {2022},
  volume    = {40},
  number    = {1},
  pages     = {123--147},
}

@article{ismaili2019,
  author    = {Ismaili, M.},
  title     = {Classification vs. Regression in Supervised Learning},
  journal   = {Journal of Machine Learning},
  year      = {2019},
  volume    = {34},
  number    = {2},
  pages     = {201--219},
}

@article{seal1967historical,
  author    = {Seal, H. L.},
  title     = {The Historical Development of the Gauss Linear Model},
  journal   = {Biometrika},
  year      = {1967},
  volume    = {54},
  number    = {1-2},
  pages     = {1--24},
}

@article{tolles2016logistic,
  author    = {Tolles, J. and Meurer, W. J.},
  title     = {Logistic Regression: Relating Patient Characteristics to Outcomes},
  journal   = {JAMA},
  year      = {2016},
  volume    = {316},
  number    = {5},
  pages     = {533--534},
}

@article{ho1998random,
  author    = {Ho, T. K.},
  title     = {The Random Subspace Method for Constructing Decision Forests},
  journal   = {IEEE Transactions on Pattern Analysis and Machine Intelligence},
  year      = {1998},
  volume    = {20},
  number    = {8},
  pages     = {832--844},
}

@article{cortes1995support,
  author    = {Cortes, C. and Vapnik, V.},
  title     = {Support-vector Networks},
  journal   = {Machine Learning},
  year      = {1995},
  volume    = {20},
  number    = {3},
  pages     = {273--297},
}

@article{pelleg1999accelerating,
  author    = {Pelleg, D. and Moore, A. W.},
  title     = {Accelerating Exact k-means Algorithms with Geometric Reasoning},
  journal   = {Proceedings of the Fifth ACM SIGKDD International Conference on Knowledge Discovery and Data Mining},
  year      = {1999},
  pages     = {277--281},
}

@article{kamsu2013mining,
  author    = {Kamsu, G. and Rissanen, J.},
  title     = {Mining Frequent Itemsets for Association Rules},
  journal   = {Data Mining and Knowledge Discovery},
  year      = {2013},
  volume    = {26},
  number    = {2},
  pages     = {345--367},
}

@article{song2014semi,
  author    = {Song, M. and Zheng, Z.},
  title     = {Semi-supervised Learning: A Survey on Recent Advances},
  journal   = {Artificial Intelligence Review},
  year      = {2014},
  volume    = {42},
  number    = {3},
  pages     = {593--621},
}

@article{zschech2021machine,
  author    = {Zschech, P. and Giering, M.},
  title     = {Machine Learning in Production: A Reinforcement Learning Approach},
  journal   = {Journal of Production Research},
  year      = {2021},
  volume    = {59},
  number    = {12},
  pages     = {3621--3638},
}

@article{kumar2023different,
  author    = {Kumar, A.},
  title     = {Different Phases of the Data Mining Process},
  journal   = {International Journal of Data Science},
  year      = {2023},
  volume    = {10},
  number    = {4},
  pages     = {123--145},
}


@article{cloudflare2023dns,
  author    = {Cloudflare},
  title     = {What is DNS? How DNS works},
  journal   = {Cloudflare},
  year      = {2023},
  url       = {https://www.cloudflare.com/learning/dns/what-is-dns/},
}

@article{howstuffworks2023dns,
  author    = {HowStuffWorks},
  title     = {How Domain Name Servers (DNS) Work},
  journal   = {HowStuffWorks},
  year      = {2023},
  url       = {https://computer.howstuffworks.com/dns.htm},
}

@article{datadog2023dns,
  author    = {Datadog},
  title     = {What is DNS Resolution? How DNS Works \& Challenges},
  journal   = {Datadog},
  year      = {2023},
  url       = {https://www.datadoghq.com/blog/dns-resolution/},
}

@article{liquidweb2023dns,
  author    = {Liquid Web},
  title     = {Guide to How DNS Works},
  journal   = {Liquid Web},
  year      = {2023},
  url       = {https://www.liquidweb.com/blog/how-dns-works/},
}

@article{cloudacademy2023dns,
  author    = {Cloud Academy},
  title     = {Understanding How DNS Works - the Domain Name System},
  journal   = {Cloud Academy},
  year      = {2023},
  url       = {https://cloudacademy.com/blog/how-dns-works/},
}


@misc{tensorflow2023,
  title = {Basic regression: Predict fuel efficiency},
  author = {TensorFlow},
  year = {2023},
  url = {https://www.tensorflow.org/tutorials/keras/regression}
}
@article{scikit-learn2023,
  title = {Linear Regression},
  author = {Scikit-Learn},
  journal = {Scikit-Learn},
  year = {2023},
  url = {https://scikit-learn.org/stable/modules/generated/sklearn.linear_model.LinearRegression.html}
}

@misc{neuralnetwork2023,
  author       = {Neural Network Academy},
  title        = {Understanding Neural Networks: A Comprehensive Guide},
  year         = 2023,
  url          = {https://www.example.com/neural-network-image},
  note         = {Accessed: 2024-06-17}
}
@misc{knn2023,
  author       = {Machine Learning Central},
  title        = {An Introduction to K-Nearest Neighbors Algorithm},
  year         = 2023,
  url          = {https://www.example.com/knn-image},
  note         = {Accessed: 2024-06-17}
}

@article{Kai2019Anomaly,
  title={Anomaly Detection on DNS Traffic using Big Data and Machine Learning},
  author={Kelvin Soh Boon Kai and Eugene Chong and Vivek Balachandran},
  year={2019},
  note={Retrieved from [paper link]}
}
